@inproceedings{pass2017analysis,
  title={Analysis of the blockchain protocol in asynchronous networks},
  author={Pass, Rafael and Seeman, Lior and Shelat, Abhi},
  booktitle={Annual International Conference on the Theory and Applications of Cryptographic Techniques},
  pages={643--673},
  year={2017},
  organization={Springer}
}

@inproceedings{garay2015bitcoin,
  title={The bitcoin backbone protocol: Analysis and applications},
  author={Garay, Juan and Kiayias, Aggelos and Leonardos, Nikos},
  booktitle={Annual International Conference on the Theory and Applications of Cryptographic Techniques},
  pages={281--310},
  year={2015},
  organization={Springer}
}

@inproceedings{yin2019hotstuff,
  title={HotStuff: BFT consensus with linearity and responsiveness},
  author={Yin, Maofan and Malkhi, Dahlia and Reiter, Michael K and Gueta, Guy Golan and Abraham, Ittai},
  booktitle={Proceedings of the 2019 ACM Symposium on Principles of Distributed Computing},
  pages={347--356},
  year={2019},
  organization={ACM}
}

@misc{rocket2018snowflake,
  title={Snowflake to avalanche: A novel metastable consensus protocol family for cryptocurrencies},
  author={Rocket, Team},
  year={2018},
  publisher={IPFS}
}

@inproceedings{pass2017sleepy,
  title={The sleepy model of consensus},
  author={Pass, Rafael and Shi, Elaine},
  booktitle={International Conference on the Theory and Application of Cryptology and Information Security},
  pages={380--409},
  year={2017},
  organization={Springer}
}

@inproceedings{pass2017hybrid,
  title={Hybrid consensus: Efficient consensus in the permissionless model},
  author={Pass, Rafael and Shi, Elaine},
  booktitle={31st International Symposium on Distributed Computing (DISC 2017)},
  year={2017},
  organization={Schloss Dagstuhl-Leibniz-Zentrum fuer Informatik}
}